@misc{ formalizacjaDudekWas,
       author = "Ewa Dudek-Dyduch, Jarosław Wąs",
       title = "Formalizacja automatów komórkowych w zagadnieniach symulacji dynamiki pieszych",
       year = "2005" }

@misc{ kulakowskiWasSzpyrka,
       author = "Konrad Kułakowski, Jarosław Wąs, Marcin Szpyrka",
       title = "Dynamiczny model świata w sterowaniu autonomicznym robotem mobilnym",
       }

@misc{ automatyZygierewicz,
       author = "Jarosław Żygierewicz",
       title = "Automaty komórkowe",
       }    

@misc{wolframMoore,
  author = "Weisstein, Eric W.",
  title = "Moore Neighborhood",
  howpublished = "\url{http://mathworld.wolfram.com/MooreNeighborhood.html}",
  note = "[Online; dostęp : 10.01.19r.]"
}  

@misc{wolframVonNeumann,
  author = "Weisstein, Eric W.",
  title = "von Neumann Neighborhood",
  howpublished = "\url{http://mathworld.wolfram.com/vonNeumannNeighborhood.html}",
  note = "[Online; dostęp : 10.01.19r.]"
}

@misc{ warunkiBrzegowe,
       author = "Jörg R. Weimar",
       title = "Modeling with Cellular Automata",
       year = "2000" }